@misc{Ctypes, title={ctypes - A foreign function library for Python}, url={https://docs.python.org/3/library/ctypes.html#loading-shared-libraries}, journal={ Python Software Foundation}} 

@misc{slamtec, title={RPLidar A1}, url={https://www.slamtec.com/en/lidar/a1}, journal={RPLIDAR A1 - Slamtec - Leading Service Robot Localization and Navigation Solution Provider}, publisher={Slamtec}, author={Huang, Tony}} 

@misc{leddartech, title={Leddar Solid-State LiDAR: M16 Multi-element sensor module}, url={https://leddartech.com/modules/m16-multi-element-sensor-module/}, journal={Leddartech}} 

@misc{logitech, title={Logitech BRIO Webcam with 4K Ultra HD video \& RightLight 3 with HDR}, url={https://www.logitech.com/en-us/product/brio}, journal={Webcam with 4K Ultra HD video & RightLight 3 with HDR}, publisher={Logitech }}

@misc{Microsoft, title={Creating a C++ extension for Python}, url={https://docs.microsoft.com/en-us/visualstudio/python/working-with-c-cpp-python-in-visual-studio}, journal={ Visual studio Docs}}

